<record><leader>00000cas a22000007a 4500</leader><controlfield tag="001">14352934</controlfield><controlfield tag="008">861007d18811883iaucr ne      0    0eng d</controlfield><datafield ind1=" " ind2=" " tag="010"><subfield code="a">sn 86060220 </subfield></datafield><datafield ind1=" " ind2=" " tag="040"><subfield code="a">INP</subfield><subfield code="b">eng</subfield><subfield code="c">INP</subfield><subfield code="d">OCLCQ</subfield></datafield><datafield ind1=" " ind2=" " tag="042"><subfield code="a">msc</subfield></datafield><datafield ind1="0" ind2=" " tag="130"><subfield code="a">Winterset Madisonian (Winterset, Iowa : 1881)</subfield></datafield><datafield ind1="1" ind2="0" tag="245"><subfield code="a">Winterset Madisonian.</subfield></datafield><datafield ind1=" " ind2=" " tag="260"><subfield code="a">Winterset, Madison Co., Iowa :</subfield><subfield code="b">[s.n.],</subfield><subfield code="c">1881-1883.</subfield></datafield><datafield ind1=" " ind2=" " tag="300"><subfield code="a">3 v. :</subfield><subfield code="b">ill. ;</subfield><subfield code="c">55 cm.</subfield></datafield><datafield ind1=" " ind2=" " tag="310"><subfield code="a">Semiweekly</subfield></datafield><datafield ind1="0" ind2=" " tag="362"><subfield code="a">Vol. 25, no. 21 (Jan. 1, 1881)-v. 27, no. 72 (June 27, 1883).</subfield></datafield><datafield ind1=" " ind2=" " tag="752"><subfield code="a">United States</subfield><subfield code="b">Iowa</subfield><subfield code="c">Madison</subfield><subfield code="d">Winterset.</subfield></datafield><datafield ind1="0" ind2="0" tag="780"><subfield code="t">Winterset Madisonian, and Rock City advertiser</subfield><subfield code="w">(DLC)sn 86060219</subfield></datafield><datafield ind1="0" ind2="7" tag="785"><subfield code="t">Winterset chronicle</subfield><subfield code="w">(DLC)sn 86060201</subfield></datafield><datafield ind1="0" ind2="7" tag="785"><subfield code="t">Winterset Madisonian and chronicle</subfield><subfield code="w">(DLC)sn 86060221</subfield></datafield></record>